@book{Awodey:2010,
 author = {Awodey, Steve},
 title = {Category Theory},
 year = {2010},
 isbn = {0199237182, 9780199237180},
 edition = {2nd},
 publisher = {Oxford University Press, Inc.},
 address = {New York, NY, USA},
}

@article{Elliott:2017,
 author = {Elliott, Conal},
 title = {Compiling to Categories},
 journal = {Proc. ACM Program. Lang.},
 issue_date = {September 2017},
 volume = {1},
 number = {ICFP},
 month = aug,
 year = {2017},
 issn = {2475-1421},
 pages = {27:1--27:27},
 articleno = {27},
 numpages = {27},
 url = {http://doi.acm.org/10.1145/3110271},
 doi = {10.1145/3110271},
 acmid = {3110271},
 publisher = {ACM},
 address = {New York, NY, USA},
 keywords = {category theory, compile-time optimization, domain-specific languages},
}

@inproceedings{Breitner:2014,
 author = {Breitner, Joachim and Eisenberg, Richard A. and Peyton Jones, Simon and Weirich, Stephanie},
 title = {Safe Zero-cost Coercions for Haskell},
 booktitle = {Proceedings of the 19th ACM SIGPLAN International Conference on Functional Programming},
 series = {ICFP '14},
 year = {2014},
 isbn = {978-1-4503-2873-9},
 location = {Gothenburg, Sweden},
 pages = {189--202},
 numpages = {14},
 url = {http://doi.acm.org/10.1145/2628136.2628141},
 doi = {10.1145/2628136.2628141},
 acmid = {2628141},
 publisher = {ACM},
 address = {New York, NY, USA},
 keywords = {coercion, haskell, newtype deriving, type class},
}

@misc{1905.13706,
Author = {Stephanie Weirich and Pritam Choudhury and Antoine Voizard and Richard A. Eisenberg},
Title = {A Role for Dependent Types in Haskell (Extended version)},
Year = {2019},
Eprint = {arXiv:1905.13706},
}
